<?xml version="1.0" encoding="UTF-8"?>
<collection xmlns:xsi="http://www.w3.org/2001/XMLSchema-instance" xsi:schemaLocation="http://www.loc.gov/MARC21/slim http://www.loc.gov/standards/marcxml/schema/MARC21slim.xsd" xmlns="http://www.loc.gov/MARC21/slim">
<record>
  <leader>00758cam a22002055a 4500</leader>
  <controlfield tag="001">9629299</controlfield>
  <controlfield tag="003">NNC</controlfield>
  <controlfield tag="005">20120919180630.0</controlfield>
  <controlfield tag="008">120507s1928    iq a          000 0 ara d</controlfield>
  <datafield tag="035" ind1=" " ind2=" ">
    <subfield code="a">(OCoLC)ocn793201944</subfield>
  </datafield>
  <datafield tag="035" ind1=" " ind2=" ">
    <subfield code="a">(OCoLC)793201944</subfield>
  </datafield>
  <datafield tag="035" ind1=" " ind2=" ">
    <subfield code="a">(NNC)9629299</subfield>
  </datafield>
  <datafield tag="040" ind1=" " ind2=" ">
    <subfield code="a">NYP</subfield>
    <subfield code="c">NYP</subfield>
  </datafield>
  <datafield tag="100" ind1="1" ind2=" ">
    <subfield code="a">Ḥaddād, Niqūlā.</subfield>
  </datafield>
  <datafield tag="245" ind1="1" ind2="0">
    <subfield code="6">880-01</subfield>
    <subfield code="a">ʻIlm adab al-nafs :</subfield>
    <subfield code="b">awwaliyāt al-falsafah al-adabīyah = Ethics /</subfield>
    <subfield code="c">bi-qalam Niqūlā al-Ḥaddād.</subfield>
  </datafield>
  <datafield tag="246" ind1="1" ind2=" ">
    <subfield code="a">Ethics</subfield>
  </datafield>
  <datafield tag="260" ind1=" " ind2=" ">
    <subfield code="a">Baghdād :</subfield>
    <subfield code="b">al-Maktabah al-ʻAṣrīyah,</subfield>
    <subfield code="c">[1928]</subfield>
  </datafield>
  <datafield tag="300" ind1=" " ind2=" ">
    <subfield code="a">290 p. :</subfield>
    <subfield code="b">ill. ;</subfield>
    <subfield code="c">23 cm.</subfield>
  </datafield>
  <datafield tag="880" ind1="1" ind2="0">
    <subfield code="6">245-01/r</subfield>
    <subfield code="a">علم أدب النفس :</subfield>
    <subfield code="b">أوليات الفلسفة الأدبية = Ethics /</subfield>
    <subfield code="c">بقلم نقولا الحداد.</subfield>
  </datafield>
  <datafield tag="955" ind1=" " ind2=" ">
    <subfield code="b">CU18229697</subfield>
    <subfield code="d">off,glx</subfield>
    <subfield code="e">2AUG 29299</subfield>
  </datafield>
</record>
</collection>